<?xml version="1.0" encoding="UTF-8"?><collection xmlns="http://www.loc.gov/MARC21/slim"><record><leader>00349nam--2200133-i-4500</leader><controlfield tag="001">000021535</controlfield><controlfield tag="002">20161230</controlfield><controlfield tag="005">20161230201034</controlfield><controlfield tag="008">060222s1000------------r-----000-0-eng-d</controlfield><datafield ind1=" " ind2=" " tag="080"><subfield code="a">518.3+518.43</subfield></datafield><datafield ind1=" " ind2=" " tag="100"><subfield code="a">Jakowlew, K.P</subfield></datafield><datafield ind1=" " ind2=" " tag="245"><subfield code="a">Mathematische auswertung von messergebnisse</subfield></datafield><datafield ind1=" " ind2=" " tag="260"><subfield code="a">Berlin, Verlaaag Technik, 1952, 262p.Cu Fig</subfield></datafield><datafield ind1=" " ind2=" " tag="852"><subfield code="a">3676</subfield></datafield></record></collection>